%% Created using Papers on Tue, 07 Jul 2015.
%% http://papersapp.com/papers/

@book{Malkawi:2004vp,
editor = {Malkawi, Ali and Augenbroe, Godfried},
title = {{Advanced Building Simulation}},
publisher = {Spon Press},
year = {2004},
month = jun
}

@webpage{build_doe_data:5A4wK6Rf,
title = {{Building Energy Data Book of DOE}},
url = {http://buildingsdatabook.eren.doe.gov}
}


@inproceedings{Deng:2010ut,
author = {Deng, Kun and Barooah, Prabir and Mehta, Prashant G and Meyn, Sean P},
title = {{Building Thermal Model Reduction via Aggregation of States}},
booktitle = {American Control Conference, June 30-July 02, 2010, Baltimore, MD},
year = {2010},
pages = {5118--5123},
address = {Baltimore, MD},
month = jun
}

@inproceedings{Massoumy:2013wo,
author = {Maassoumy, M and Zhu, Qi and Li, Cheng and Meggers, F and Sangiovanni-Vincentelli, A},
title = {{Co-design of Control Algorithm and Embedded Platform for Building HVAC Systems }},
booktitle = {International Conference on Cyber Physical Systems (ICCPS)},
year = {2013},
pages = {61--70},
address = {Philadephia, PA},
month = apr
}

@inproceedings{Maassoumy:2013wo,
author = {Maassoumy, M and Zhu, Qi and Li, Cheng and Meggers, F and Sangiovanni-Vincentelli, A},
title = {{Co-design of Control Algorithm and Embedded Platform for Building HVAC Systems }},
booktitle = {International Conference on Cyber Physical Systems (ICCPS)},
year = {2013},
pages = {61--70},
address = {Philadephia, PA},
month = apr
}

@article{energyplus:2001vf,
author = {Crawley, D B and Lawrie, L K and Winkelmann, F C and Buhl, W F and Huang, Y J and Pedersen, C O and Strand, R K and Liesen, R J and Fisher, D E and Witte, M J and Glazer, J},
title = {{EnergyPlus: creating a new-generation building energy simulation program}},
journal = {Energy and Buildings},
year = {2001},
volume = {33},
number = {4},
pages = {319--331},
month = apr
}

@inproceedings{Eisenhower:2012vp,
author = {Eisenhower, Bryan and Mezic, Igor},
title = {{Extracting Dynamic Information from Whole-building Energy Models}},
booktitle = {Proc. of Conference on Dynamics for Design (DFD 2012)},
year = {2012},
pages = {3--10},
address = {Chicago, IL},
month = apr
}

@inproceedings{Kim:2012vu,
author = {Kim, D and Braun, J E},
title = {{Reduced-Order Building Modeling For Application to Model-Based Predictive Control}},
booktitle = {5th National Conference of Innational Building Performance Simulation Association (IBPSA-USA)},
year = {2012},
pages = {554--561},
month = aug
}

@webpage{trnsys:9J5Qiew2,
title = {{TRNSYS  -- A transient systems simulation program}},
url = {http://www.trnsys.com/}
}

@article{Nguyen:energy13,
    title={Energy intelligent buildings based on user activity: A survey},
    author={Nguyen, Tuan Anh and Aiello, Marco},
    journal={Energy and Buildings},
    volume={56},
    pages={244--257},
    year={2013},
    publisher={Elsevier}
}

@InProceedings {Sturzenegger:CRWC13,
    author={D. Sturzenegger and F. Schildbach and M. Morari},
    title={{Importance of Long-Term Occupancy Information â€“ A
            Validation with Real Occupancy Data}},
    booktitle={Clima - RHEVA World Congress},
    pages={1245--1257},
    year={2013},
    address={Prague, Czech Republic},
    month=jun,
    url={https://control.ee.ethz.ch/index.cgi?page=publications;action=details;id=4329}
}

@ARTICLE{Weng:IDTC12,
    author={Weng, T. and Agarwal, Y.}, 
    journal={Design Test of Computers, IEEE}, 
    title={From Buildings to Smart Buildings -- Sensing and Actuation to Improve Energy Efficiency}, 
    year={2012}, 
    volume={29}, 
    number={4}, 
    pages={36-44}, 
    keywords={HVAC;energy conservation;intelligent actuators;intelligent sensors;intelligent structures;structural engineering;HVAC system;IT equipment;actuation framework;commercial buildings;energy efficiency;energy footprint reduction;energy savings;energy use breakdown;modern building;plug loads;smart buildings;Green buildings;Sensors;Servers;Smart buildings;Wireless communication;Wireless sensor networks;Energy-aware Buildings;Smart-Buidlings}, 
    doi={10.1109/MDT.2012.2211855}, 
    ISSN={0740-7475}, 
    month={Aug}
}

@INPROCEEDINGS{Ekwevugbe:DEST13, 
        author={Ekwevugbe, T. and Brown, N. and Pakka, V. and Fan, D.}, 
        booktitle={Digital Ecosystems and Technologies (DEST), 2013 7th IEEE International Conference on}, 
        title={Real-time building occupancy sensing using neural-network based sensor network}, 
        year={2013}, 
        pages={114-119}, 
        keywords={HVAC;building;learning (artificial intelligence);neural nets;HVAC systems;adaptive sensing network;energy efficiency;feature selection;genetic based search;heating ventilation and air-conditioning systems;improved comfort control;neural-network based sensor network;non intrusive sensor network;occupancy detection;optimal sensor combination;real-time building occupancy sensing;Accuracy;Buildings;Feature extraction;Predictive models;Temperature
                measurement;Temperature sensors;Energy savings;Features;HVAC systems;Occupancy;Sensors}, 
        doi={10.1109/DEST.2013.6611339}, 
        ISSN={2150-4938}, 
        month={July}
}

@inproceedings{Ebadat:BuildSys13,
        author = {Ebadat, Afrooz and Bottegal, Giulio and Varagnolo, Damiano and Wahlberg, Bo and Johansson, Karl H.},
        title = {Estimation of Building Occupancy Levels Through Environmental Signals Deconvolution},
        booktitle = {Proceedings of the 5th ACM Workshop on Embedded Systems For Energy-Efficient Buildings},
        series = {BuildSys'13},
        year = {2013},
        isbn = {978-1-4503-2431-1},
        location = {Roma, Italy},
        pages = {8:1--8:8},
        articleno = {8},
        numpages = {8},
        url = {http://doi.acm.org/10.1145/2528282.2528290},
        doi = {10.1145/2528282.2528290},
        acmid = {2528290},
        publisher = {ACM},
        address = {New York, NY, USA},
        keywords = {Inference, Parametric and Nonparametric methods, System Identification},
} 

@inproceedings{Kleiminger:BuildSys13,
        author = {Kleiminger, Wilhelm and Beckel, Christian and Staake, Thorsten and Santini, Silvia},
        title = {Occupancy Detection from Electricity Consumption Data},
        booktitle = {Proceedings of the 5th ACM Workshop on Embedded Systems For Energy-Efficient Buildings},
        series = {BuildSys'13},
        year = {2013},
        isbn = {978-1-4503-2431-1},
        location = {Roma, Italy},
        pages = {10:1--10:8},
        articleno = {10},
        numpages = {8},
        url = {http://doi.acm.org/10.1145/2528282.2528295},
        doi = {10.1145/2528282.2528295},
        acmid = {2528295},
        publisher = {ACM},
        address = {New York, NY, USA},
        keywords = {Context-Aware, Electricity, Occupancy, Smart Meter},
} 

@inproceedings{Kleiminger:UbiComp15,
        author    = {Wilhelm Kleiminger and
                     Christian Beckel and
                     Silvia Santini},
        title     = {Household occupancy monitoring using electricity meters},
        booktitle = {Proceedings of the 2015 {ACM} International Joint Conference on Pervasive
                     and Ubiquitous Computing, UbiComp 2015, Osaka, Japan, September 7-11,
                     2015},
        pages     = {975--986},
        year      = {2015},
        crossref  = {DBLP:conf/huc/2015},
        url       = {http://doi.acm.org/10.1145/2750858.2807538},
        doi       = {10.1145/2750858.2807538},
        timestamp = {Fri, 11 Sep 2015 14:57:55 +0200},
        biburl    = {http://dblp.uni-trier.de/rec/bib/conf/huc/KleimingerBS15},
        bibsource = {dblp computer science bibliography, http://dblp.org}
}

@inproceedings{Kleiminger:SenSys13,
        author    = {Wilhelm Kleiminger and
                     Christian Beckel and
                     Anind K. Dey and
                     Silvia Santini},
        title     = {Using unlabeled Wi-Fi scan data to discover occupancy patterns of
                     private households},
        booktitle = {The 11th {ACM} Conference on Embedded Network Sensor Systems, SenSys
                     '13, Roma, Italy, November 11-15, 2013},
        pages     = {47:1--47:2},
        year      = {2013},
        crossref  = {DBLP:conf/sensys/2013},
        url       = {http://doi.acm.org/10.1145/2517351.2517421},
        doi       = {10.1145/2517351.2517421},
        timestamp = {Thu, 22 Oct 2015 12:45:11 +0200},
        biburl    = {http://dblp.uni-trier.de/rec/bib/conf/sensys/KleimingerBDS13},
        bibsource = {dblp computer science bibliography, http://dblp.org}
}

@ARTICLE{Hobby:TSG12,
    author={Hobby, J.D. and Shoshitaishvili, A. and Tucci, G.H.}, 
    journal={Smart Grid, IEEE Transactions on}, 
    title={Analysis and Methodology to Segregate Residential Electricity Consumption in Different Taxonomies}, 
    year={2012}, 
    volume={3}, 
    number={1}, 
    pages={217-224}, 
    keywords={HVAC;demand side management;domestic appliances;energy consumption;power distribution;HVAC;agent-based analytical tool;appliances;demand-side management optimization;electricity-related activities;heating ventilation and air conditioning;households;illumination-related electricity consumption;power distribution system;residential electricity consumption;residual consumption;taxonomies;Analytical models;Computational modeling;Electricity;Home appliances;Lighting;Mathematical model;Polynomials;Electricity consumption;RECS survey;smart grid;smart metering;time of use survey}, 
    doi={10.1109/TSG.2011.2167353}, 
    ISSN={1949-3053}, 
    month={March}
}

@inproceedings{Lu:SenSys10,
  author = {Lu, Jiakang and Sookoor, Tamim and Srinivasan, Vijay and Gao, Ge and Holben, Brian and Stankovic, John and Field, Eric and Whitehouse, Kamin},
  title = {The Smart Thermostat: Using Occupancy Sensors to Save Energy in Homes},
  booktitle = {Proceedings of the 8th ACM Conference on Embedded Networked Sensor Systems},
  series = {SenSys '10},
  year = {2010},
  isbn = {978-1-4503-0344-6},
  location = {Z\&\#252;rich, Switzerland},
  pages = {211--224},
  numpages = {14},
  url = {http://doi.acm.org/10.1145/1869983.1870005},
  doi = {10.1145/1869983.1870005},
  acmid = {1870005},
  publisher = {ACM},
  address = {New York, NY, USA},
  keywords = {building energy, home monitoring, programmable thermostats, wireless sensor networks}
}

@inproceedings{Scott:UbiComp11,
 author = {Scott, James and Bernheim Brush, A.J. and Krumm, John and Meyers, Brian and Hazas, Michael and Hodges, Stephen and Villar, Nicolas},
 title = {PreHeat: Controlling Home Heating Using Occupancy Prediction},
 booktitle = {Proceedings of the 13th International Conference on Ubiquitous Computing},
 series = {UbiComp '11},
 year = {2011},
 isbn = {978-1-4503-0630-0},
 location = {Beijing, China},
 pages = {281--290},
 numpages = {10},
 url = {http://doi.acm.org/10.1145/2030112.2030151},
 doi = {10.1145/2030112.2030151},
 acmid = {2030151},
 publisher = {ACM},
 address = {New York, NY, USA},
 keywords = {energy, environment, home heating, prediction, sensing}
}

@article{Guo:LRT10,
 author={X. Guo, D. Tiller, G. Henze and C. Waters},
 title={The performance of occupancy-based lighting control systems: A review},
 journal={Lighting Research and Technology}, 
 volume={42},
 number={3},
 pages={415--431},
 year={2010}
}

@article{Dodier:energy06,
    title={Building occupancy detection through sensor belief networks},
    author={Dodier, Robert H and Henze, Gregor P and Tiller, Dale K and Guo, Xin},
    journal={Energy and buildings},
    volume={38},
    number={9},
    pages={1033--1043},
    year={2006},
    publisher={Elsevier}
}

@inproceedings{Kamthe:EWSN09,
  author    = {Ankur Kamthe and Lun Jiang and Matthew Dudys and Alberto Cerpa},
  title     = {{SCOPES:} Smart Cameras Object Position Estimation System},
  booktitle = {Wireless Sensor Networks, 6th European Conference, {EWSN} 2009, Cork, Ireland, February 11-13, 2009. Proceedings},
  pages     = {279--295},
  year      = {2009},
  url       = {http://dx.doi.org/10.1007/978-3-642-00224-3_18},
  doi       = {10.1007/978-3-642-00224-3_18},
  timestamp = {Sat, 31 Jan 2009 12:58:05 +0100},
  biburl    = {http://dblp.uni-trier.de/rec/bib/conf/ewsn/KamtheJDC09},
  bibsource = {dblp computer science bibliography, http://dblp.org}
} 

@Book{Levermore:Book'00,
  author = 	 {Geoff Levermore},
  ALTeditor = 	 {},
  title = 	 {Building Energy Management Systems: An Application to Heating, Natural Ventilation and Occupant Satisfaction},
  publisher = 	 {Routledge},
  year = 	 {2000},
  OPTkey = 	 {},
  OPTvolume = 	 {},
  OPTnumber = 	 {},
  OPTseries = 	 {},
  OPTaddress = 	 {},
  OPTedition = 	 {},
  OPTmonth = 	 {},
  OPTnote = 	 {},
  OPTannote = 	 {}
}

