@article{10,
  title={Energy efficient building environment control strategies using real-time occupancy measurements},
  author={Erickson, Varick L and Lin, Yiqing and Kamthe, Ankur and Brahme, Rohini and Surana, Amit and Cerpa, Alberto E and Sohn, Michael D and Narayanan, Satish},
  booktitle={Proceedings of the First ACM Workshop on Embedded Sensing Systems for Energy-Efficiency in Buildings},
  pages={19--24},
  year={2009},
  organization={ACM}
}
@article{1,
  title={Somniloquy: Augmenting Network Interfaces to Reduce PC Energy Usage.},
  author={Agarwal, Yuvraj and Hodges, Steve and Chandra, Ranveer and Scott, James and Bahl, Paramvir and Gupta, Rajesh},
  booktitle={NSDI},
  volume={9},
  pages={365--380},
  year={2009}
}
@article{2,
  title={Sleepserver: A software-only approach for reducing the energy consumption of pcs within enterprise environments},
  author={Agarwal, Yuvraj and Savage, Stefan and Gupta, Rajesh},
  booktitle={Proceedings of the 2010 USENIX conference on USENIX annual technical conference},
  pages={22--22},
  year={2010},
  organization={USENIX Association}
}
@article{12,
  title={The self-programming thermostat: optimizing setback schedules based on home occupancy patterns},
  author={Gao, Ge and Whitehouse, Kamin},
  booktitle={Proceedings of the First ACM Workshop on Embedded Sensing Systems for Energy-Efficiency in Buildings},
  pages={67--72},
  year={2009},
  organization={ACM}
}
@article{8,
  title={Evaluation of energy-efficiency in lighting systems using sensor networks},
  author={Delaney, Declan T and O'Hare, Gregory MP and Ruzzelli, Antonio G},
  booktitle={Proceedings of the First ACM Workshop on Embedded Sensing Systems for Energy-Efficiency in Buildings},
  pages={61--66},
  year={2009},
  organization={ACM}
}
@article{83,
  title={Analysis and methodology to segregate residential electricity consumption in different taxonomies},
  author={Hobby, John D and Shoshitaishvili, Alexander and Tucci, Gabriel H},
  journal={IEEE Transactions on Smart Grid },
  volume={3},
  number={1},
  pages={217--224},
  year={2012},
  publisher={IEEE}
}
@misc{86,
  title={Electronic programmable thermostat with temporary reset},
  author={Bias, Larry Stephen and Cheng, Chung Ming},
  year={1999},
  month=aug # "~17",
  publisher={Google Patents}
}
@article{87,
  title={Intelligent residential air-conditioning system with smart-grid functionality},
  author={Thomas, Auswin George and Jahangiri, Pedram and Wu, Di and Cai, Chengrui and Zhao, Huan and Aliprantis, Dionysios C and Tesfatsion, Leigh},
  journal={IEEE Transactions on Smart Grid},
  volume={3},
  number={4},
  pages={2240--2251},
  year={2012},
  publisher={IEEE}
}
@article{88,
  title={An evaluation of the HVAC load potential for providing load balancing service},
  author={Lu, Ning},
  journal={IEEE Transactions on Smart Grid},
  volume={3},
  number={3},
  pages={1263--1270},
  year={2012},
  publisher={IEEE}
}
@article{8.10,
  title={PreHeat: controlling home heating using occupancy prediction},
  author={Scott, James and Bernheim Brush, AJ and Krumm, John and Meyers, Brian and Hazas, Michael and Hodges, Stephen and Villar, Nicolas},
  booktitle={Proceedings of the 13th international conference on Ubiquitous computing},
  pages={281--290},
  year={2011},
  organization={ACM}
}
@article{8.9,
  title={The neurothermostat: Predictive optimal control of residential heating systems},
  author={Mozer, Michael C and Vidmar, Lucky and Dodier, Robert H and others},
  journal={Advances in Neural Information Processing Systems},
  pages={953--959},
  year={1997},
  publisher={Citeseer}
}
@article{8.11,
  title={The smart thermostat: using occupancy sensors to save energy in homes},
  author={Lu, Jiakang and Sookoor, Tamim and Srinivasan, Vijay and Gao, Ge and Holben, Brian and Stankovic, John and Field, Eric and Whitehouse, Kamin},
  booktitle={Proceedings of the 8th ACM Conference on Embedded Networked Sensor Systems},
  pages={211--224},
  year={2010},
  organization={ACM}
}
@MISC{house,
  author =       {WBDG courses},
  title =        {Whole Building Design Guide (WBDG) Continuing Education Courses},
  howpublished = {\url{https://www.wbdg.org/education/wbdg_ce.php}},
}
@article{PredictingTime,
  title={Predicting time series with support vector machines},
  author={M{\"u}ller, K-R and Smola, Alexander J and R{\"a}tsch, Gunnar and Sch{\"o}lkopf, Bernhard and Kohlmorgen, Jens and Vapnik, Vladimir},
  booktitle={Artificial Neural Networks¡ªICANN'97},
  pages={999--1004},
  year={1997},
  publisher={Springer}
}
@article{UsingSupport,
  title={Using support vector machines for time series prediction},
  author={Thissen, U and Van Brakel, R and De Weijer, AP and Melssen, WJ and Buydens, LMC},
  journal={Chemometrics and intelligent laboratory systems},
  volume={69},
  number={1},
  pages={35--49},
  year={2003},
  publisher={Elsevier}
}

@article{energyplus,
  title={EnergyPlus: creating a new-generation building energy simulation program},
  author={Crawley, Drury B and Lawrie, Linda K and Winkelmann, Frederick C and Buhl, Walter F and Huang, Y Joe and Pedersen, Curtis O and Strand, Richard K and Liesen, Richard J and Fisher, Daniel E and Witte, Michael J and others},
  journal={Energy and buildings},
  volume={33},
  number={4},
  pages={319--331},
  year={2001},
  publisher={Elsevier}
}





@article{travel,
  title={Travel-time prediction with support vector regression},
  author={Wu, Chun-Hsin and Ho, Jan-Ming and Lee, Der-Tsai},
  journal={Intelligent Transportation Systems, IEEE Transactions on},
  volume={5},
  number={4},
  pages={276--281},
  year={2004},
  publisher={IEEE}
}

@article{zhao,
  title={Learning-Based Occupancy Behavior Detection for Smart Buildings},
  author={Zhao, HengYang and Qi, Zhongdong and Wang, Shujuan and Vafai, Kambiz and Wang, Hai and Chen, Haibao and Tan, Sheldon X.-D.},
  journal={2016 IEEE International Symposium on Circuits and Systems (ISCAS)},
  pages={1--4},
  year={2016},
  publisher={IEEE}
}
